@customa{Paper2015a,
	title         = {Critical temperature and tunneling spectroscopy of superconductor-ferromagnet hybrids with intrinsic Rashba-Dresselhaus spin-orbit coupling},
	author        = {S.H.~Jacobsen and J.A.~Ouassou and J.~Linder},
  journal       = {Physical Review B},
  volume        = {92},
  pages         = {024510},
	year          = {2015},
	doi           = {10.1103/PhysRevB.92.024510},
	url           = {http://dx.doi.org/10.1103/PhysRevB.92.024510}
}

@customa{Paper2015b,
	author        = {Johnson, Valen E.},
	title         = {Revised standards for statistical evidence},
	journal       = {Proceedings of the National Academy of Sciences of the United States of America},
	keywords      = {Bayes Theorem,Models,Reproducibility of Results,Statistical,Statistics as Topic,Statistics as Topic: standards},
	number        = {48},
	volume        = {110},
	year          = {2013},
	isbn          = {1313476110},
	issn          = {1091-6490},
	pmid          = {24218581},
	doi           = {10.1073/pnas.1313476110},
	url           = {http://www.pubmedcentral.nih.gov/articlerender.fcgi?artid=3845140\&tool=pmcentrez\&rendertype=abstract},
  pages         = {10--20}
}
